<?xml version="1.0" encoding="UTF-8"?><collection xmlns="http://www.loc.gov/MARC21/slim"><record><leader>00455nam--2200169-i-4500</leader><controlfield tag="001">000002676</controlfield><controlfield tag="002">20161230</controlfield><controlfield tag="005">20161230201025</controlfield><controlfield tag="008">060222s1000------------r-----000-0-eng-d</controlfield><datafield ind1=" " ind2=" " tag="040"><subfield code="a">IFIN-HH</subfield></datafield><datafield ind1=" " ind2=" " tag="080"><subfield code="a">537.226.8</subfield></datafield><datafield ind1="1" ind2=" " tag="100"><subfield code="a">Bottcher, C.J.F</subfield></datafield><datafield ind1="1" ind2="0" tag="245"><subfield code="a">Theory of electric polarisation</subfield><subfield code="c">C.j.f. bottcher</subfield></datafield><datafield ind1=" " ind2=" " tag="260"><subfield code="a">Amsterdam</subfield><subfield code="b">Elsevier Plublishing Company</subfield><subfield code="c">1952</subfield></datafield><datafield ind1=" " ind2=" " tag="300"><subfield code="a">XIV + 492 P</subfield></datafield><datafield ind1=" " ind2=" " tag="852"><subfield code="a">10105</subfield><subfield code="c">537.226</subfield></datafield><datafield ind1=" " ind2=" " tag="CAT"><subfield code="a">Sys</subfield><subfield code="c">20150216</subfield><subfield code="h">212759</subfield></datafield></record></collection>